<collection xmlns="http://www.loc.gov/MARC21/slim">
<record>
  <leader>01579nam0a2200313 i 450 </leader>
  <controlfield tag="001">IT\ICCU\CNCE\038873</controlfield>
  <controlfield tag="005">20050818000000.0</controlfield>
  <datafield tag="012" ind1=" " ind2=" ">
    <subfield code="a">s.um lera peue exli (3) 1518 (R)</subfield>
    <subfield code="2">fei</subfield>
  </datafield>
  <datafield tag="100" ind1=" " ind2=" ">
    <subfield code="a">19981030d1518        0itac0103    ba</subfield>
  </datafield>
  <datafield tag="101" ind1=" " ind2=" ">
    <subfield code="a">LAT</subfield>
  </datafield>
  <datafield tag="102" ind1=" " ind2=" ">
    <subfield code="a">IT</subfield>
  </datafield>
  <datafield tag="200" ind1="1" ind2=" ">
    <subfield code="a">Confessionum memoriale domni Theophili canonici regularis ad reuerendum dominum archipresbyterum cathedralis ecclesie &amp; ad venerabiles presbyteros animarum curatores Parmenses plurimum colendos</subfield>
  </datafield>
  <datafield tag="210" ind1=" " ind2=" ">
    <subfield code="a">\Parma</subfield>
    <subfield code="c">Antonio Viotti!</subfield>
    <subfield code="e">Impressum Parme</subfield>
    <subfield code="g">per magistrum Antonium de Viotis</subfield>
    <subfield code="h">1518 die XXII mensis Maij</subfield>
  </datafield>
  <datafield tag="215" ind1=" " ind2=" ">
    <subfield code="a">77, \3! c.</subfield>
    <subfield code="d">8ʻ</subfield>
  </datafield>
  <datafield tag="620" ind1=" " ind2=" ">
    <subfield code="a">IT</subfield>
    <subfield code="d">Parma</subfield>
  </datafield>
  <datafield tag="700" ind1=" " ind2="1">
    <subfield code="a">Ferrari,</subfield>
    <subfield code="b">Teofilo</subfield>
    <subfield code="3">IT\ICCU\CNCA\011195</subfield>
  </datafield>
  <datafield tag="712" ind1="0" ind2="0">
    <subfield code="a">Viotti, Antonio</subfield>
    <subfield code="3">IT\ICCU\CNCT\000637</subfield>
    <subfield code="4">650</subfield>
  </datafield>
  <datafield tag="790" ind1=" " ind2="0">
    <subfield code="a">Teofilo</subfield>
    <subfield code="c"> : da#Cremona</subfield>
    <subfield code="3">IT\ICCU\CNCA\018297</subfield>
    <subfield code="z">Ferrari, Teofilo</subfield>
  </datafield>
  <datafield tag="790" ind1=" " ind2="0">
    <subfield code="a">Theophilus</subfield>
    <subfield code="c"> : Cremonensis</subfield>
    <subfield code="3">IT\ICCU\CNCA\018298</subfield>
    <subfield code="z">Ferrari, Teofilo</subfield>
  </datafield>
  <datafield tag="791" ind1="0" ind2="0">
    <subfield code="a">Viotto, Antonio</subfield>
    <subfield code="3">IT\ICCU\CNCT\005889</subfield>
    <subfield code="z">Viotti, Antonio</subfield>
  </datafield>
  <datafield tag="791" ind1="0" ind2="0">
    <subfield code="a">Viottus, Antonius</subfield>
    <subfield code="3">IT\ICCU\CNCT\005890</subfield>
    <subfield code="z">Viotti, Antonio</subfield>
  </datafield>
  <datafield tag="791" ind1="0" ind2="0">
    <subfield code="a">Viottis, Antonius de</subfield>
    <subfield code="3">IT\ICCU\CNCT\005891</subfield>
    <subfield code="z">Viotti, Antonio</subfield>
  </datafield>
  <datafield tag="801" ind1=" " ind2="3">
    <subfield code="a">IT</subfield>
    <subfield code="b">ICCU</subfield>
    <subfield code="c">20201114</subfield>
  </datafield>
  <datafield tag="899" ind1=" " ind2=" ">
    <subfield code="a">Biblioteca civica A. Mai. Bergamo</subfield>
    <subfield code="1">BG0026</subfield>
    <subfield code="2">LO1 02</subfield>
  </datafield>
  <datafield tag="899" ind1=" " ind2=" ">
    <subfield code="a">Biblioteca statale. Cremona</subfield>
    <subfield code="1">CR0062</subfield>
    <subfield code="2">LO1 28</subfield>
  </datafield>
  <datafield tag="899" ind1=" " ind2=" ">
    <subfield code="a">Biblioteca Porziuncola. Assisi</subfield>
    <subfield code="1">PG0179</subfield>
    <subfield code="2">UM1 36</subfield>
  </datafield>
  <datafield tag="899" ind1=" " ind2=" ">
    <subfield code="a">Biblioteca Palatina. Parma</subfield>
    <subfield code="1">PR0072</subfield>
    <subfield code="2">PAR PA</subfield>
  </datafield>
  <datafield tag="911" ind1=" " ind2=" ">
    <subfield code="a">Sul front.</subfield>
    <subfield code="9">IT\ICCU\CNCM\002059</subfield>
  </datafield>
  <datafield tag="921" ind1=" " ind2=" ">
    <subfield code="a">IT\ICCU\CNCM\002059</subfield>
    <subfield code="b">Iniziali A.V.T.O. sormontate da croce. In cornice.</subfield>
    <subfield code="c">U623</subfield>
    <subfield code="d">Dimensioni: 2,7 x 3,8</subfield>
    <subfield code="f">INIZIALI</subfield>
    <subfield code="f">CROCE</subfield>
    <subfield code="g">1518</subfield>
  </datafield>
</record>
</collection>
